<?xml version="1.0" encoding="UTF-8" ?>
<collection xmlns:xsi="http://www.w3.org/2001/XMLSchema-instance"
    xsi:schemaLocation="http://www.loc.gov/MARC21/slim
        http://www.loc.gov/standards/marcxml/schema/MARC21slim.xsd"
    xmlns="http://www.loc.gov/MARC21/slim">
<record>
  <leader>00214nam a2200409 i 4500</leader>
  <controlfield tag="001">b21084373</controlfield>
  <controlfield tag="003">LeBAU</controlfield>
  <controlfield tag="008">180604s1954    ua            1|0 0 ara d</controlfield>
  <datafield tag="040" ind1=" " ind2=" ">
    <subfield code="a">LEAUB</subfield>
    <subfield code="b">ara</subfield>
    <subfield code="e">rda</subfield>
    <subfield code="c">LEAUB</subfield>
  </datafield>
  <datafield tag="082" ind1="0" ind2="4">
    <subfield code="a">309.56</subfield>
    <subfield code="2">20</subfield>
  </datafield>
  <datafield tag="111" ind1="2" ind2=" ">
    <subfield code="6">880-01</subfield>
    <subfield code="a">Ḥalaqat al-dirāsāt al-ijtimāʻīyah lil-duwal al-ʻArabīyah</subfield>
    <subfield code="n">(4 :</subfield>
    <subfield code="d">1954 :</subfield>
    <subfield code="c">Baghdad, Iraq)</subfield>
  </datafield>
  <datafield tag="245" ind1="1" ind2="0">
    <subfield code="6">880-02</subfield>
    <subfield code="a">Ḥalaqat al-dirāsāt al-ijtimāʻīyah lil-duwal al-ʻArabīyah.</subfield>
    <subfield code="n">al-dawrah al-rābiʻah /</subfield>
    <subfield code="c">Jāmiʻat al-Duwal al-Aʻrabyīah, al-Amānah al-ʻĀmmah, Idārat al-Shuʼūn al-Ijtimāʻīyah wa-al-Ṣiḥḥīyah.</subfield>
  </datafield>
  <datafield tag="264" ind1=" " ind2="1">
    <subfield code="6">880-03</subfield>
    <subfield code="a">al-Qāhirah :</subfield>
    <subfield code="b">Dār al-Hanā lil-Ṭibāʻah wa-al-Nashr,</subfield>
    <subfield code="c">1954.</subfield>
  </datafield>
  <datafield tag="300" ind1=" " ind2=" ">
    <subfield code="6">880-04</subfield>
    <subfield code="a">[a]-m, 1105 pages ;</subfield>
    <subfield code="c">31 cm</subfield>
  </datafield>
  <datafield tag="336" ind1=" " ind2=" ">
    <subfield code="a">text</subfield>
    <subfield code="b">txt</subfield>
    <subfield code="2">rdacontent</subfield>
  </datafield>
  <datafield tag="337" ind1=" " ind2=" ">
    <subfield code="a">unmediated</subfield>
    <subfield code="b">n</subfield>
    <subfield code="2">rdamedia</subfield>
  </datafield>
  <datafield tag="338" ind1=" " ind2=" ">
    <subfield code="a">volume</subfield>
    <subfield code="b">nc</subfield>
    <subfield code="2">rdacarrier</subfield>
  </datafield>
  <datafield tag="500" ind1=" " ind2=" ">
    <subfield code="a">"كتاب الدورة الرابعة، 6-21 آذار (مارس) 1954، بغداد."</subfield>
  </datafield>
  <datafield tag="505" ind1="0" ind2=" ">
    <subfield code="a">اللجنة الأولى. الرعاية الاجتماعية وتقويم نتائج دورات الحلقة -- اللجنة الثانية. الرعاية الاجتماعية في اتصالها بتوطين البدو والعشائر في الدول العربية -- اللجنة الثالثة. الرعاية الاجتماعية في اتصالها بالصناعات الريفية في الدول العربية -- اللجنة الرابعة. الرعاية الاجتماعية في اتصالها بالتنمية الصناعية في المدن بالدول العربية -- اللجنة الخامسة. الرعاية الاجتماعية في اتصالها بصناعات البترول في الدول العربية.</subfield>
  </datafield>
  <datafield tag="650" ind1=" " ind2="4">
    <subfield code="a">الخدمة الإجتماعية</subfield>
    <subfield code="z">البلدان العربية</subfield>
    <subfield code="v">مؤتمرات.</subfield>
  </datafield>
  <datafield tag="650" ind1=" " ind2="4">
    <subfield code="a">تنمية المجتمع</subfield>
    <subfield code="z">البلدان العربية</subfield>
    <subfield code="v">مؤتمرات.</subfield>
  </datafield>
  <datafield tag="650" ind1=" " ind2="0">
    <subfield code="a">Social service</subfield>
    <subfield code="z">Arab countries</subfield>
    <subfield code="v">Congresses.</subfield>
  </datafield>
  <datafield tag="650" ind1=" " ind2="0">
    <subfield code="a">Community development</subfield>
    <subfield code="z">Arab countries</subfield>
    <subfield code="v">Congresses.</subfield>
  </datafield>
  <datafield tag="651" ind1=" " ind2="4">
    <subfield code="a">البلدان العربية</subfield>
    <subfield code="x">الاحوال الاجتماعية</subfield>
    <subfield code="v">مؤتمرات.</subfield>
  </datafield>
  <datafield tag="651" ind1=" " ind2="4">
    <subfield code="a">البلدان العربية</subfield>
    <subfield code="x">الاحوال الاقتصادية</subfield>
    <subfield code="v">مؤتمرات.</subfield>
  </datafield>
  <datafield tag="651" ind1=" " ind2="0">
    <subfield code="a">Arab countries</subfield>
    <subfield code="x">Social conditions</subfield>
    <subfield code="v">Congresses.</subfield>
  </datafield>
  <datafield tag="651" ind1=" " ind2="0">
    <subfield code="a">Arab countries</subfield>
    <subfield code="x">Economic conditions</subfield>
    <subfield code="v">Congresses.</subfield>
  </datafield>
  <datafield tag="710" ind1="2" ind2=" ">
    <subfield code="6">880-05</subfield>
    <subfield code="a">League of Arab States.</subfield>
    <subfield code="b">Idārat al-Shuʼūn al-Ijtimāʻīyah wa-al-Shabāb,</subfield>
    <subfield code="e">issuing body.</subfield>
  </datafield>
  <datafield tag="852" ind1=" " ind2=" ">
    <subfield code="a">Jafet Library</subfield>
    <subfield code="e">American University of Beirut, Bliss Street , Beirut, Lebanon.</subfield>
  </datafield>
  <datafield tag="880" ind1="2" ind2=" ">
    <subfield code="6">111-01/(3/r</subfield>
    <subfield code="a">حلقة الدراسات الإجتماعية للدول العربية</subfield>
    <subfield code="n">(4 :</subfield>
    <subfield code="d">1954 :</subfield>
    <subfield code="c">بغداد، العراق)</subfield>
  </datafield>
  <datafield tag="880" ind1="1" ind2="0">
    <subfield code="6">245-02/(3/r</subfield>
    <subfield code="a">حلقة الدراسات الإجتماعية للدول العربية.</subfield>
    <subfield code="n">الدورة الرابعة /</subfield>
    <subfield code="c">جامعة الدول العربية، الأمانة العامة، إدارة الشؤون الإجتماعية والصحية.</subfield>
  </datafield>
  <datafield tag="880" ind1=" " ind2="1">
    <subfield code="6">264-03/(3/r</subfield>
    <subfield code="a">القاهرة :</subfield>
    <subfield code="b">دار الهنا للطباعة والنشر،</subfield>
    <subfield code="c">1954.</subfield>
  </datafield>
  <datafield tag="880" ind1=" " ind2=" ">
    <subfield code="6">300-04/(3/r</subfield>
    <subfield code="a">[ا]-م، 1105 صفحات ؛</subfield>
    <subfield code="c">31 سم</subfield>
  </datafield>
  <datafield tag="880" ind1="2" ind2=" ">
    <subfield code="6">710-05/(3/r</subfield>
    <subfield code="a">جامعة الدول العربية.</subfield>
    <subfield code="b">إدارة الشؤون الإجتماعية والشباب،</subfield>
    <subfield code="e">هيئة إصدار. </subfield>
    <subfield code="4">isb.</subfield>
  </datafield>
  <datafield tag="907" ind1=" " ind2=" ">
    <subfield code="a">.b21084373</subfield>
    <subfield code="b">18-06-04</subfield>
    <subfield code="c">18-06-04</subfield>
  </datafield>
  <datafield tag="945" ind1=" " ind2=" ">
    <subfield code="f">J</subfield>
    <subfield code="a">309.56:J32hA:v.4:c.1</subfield>
    <subfield code="i">01014309</subfield>
    <subfield code="j">.i12858092</subfield>
    <subfield code="l">u0503</subfield>
  </datafield>
  <datafield tag="998" ind1=" " ind2=" ">
    <subfield code="a">u05</subfield>
    <subfield code="b">18-06-04</subfield>
    <subfield code="c">m</subfield>
    <subfield code="d">a  </subfield>
    <subfield code="e">-</subfield>
    <subfield code="f">ara</subfield>
    <subfield code="g">ua </subfield>
    <subfield code="h">0</subfield>
    <subfield code="i">0</subfield>
  </datafield>
</record>
</collection>
